<?xml version="1.0" encoding="UTF-8"?><collection xmlns="http://www.loc.gov/MARC21/slim"><record><leader>00330nam--2200121-i-4500</leader><controlfield tag="001">000005169</controlfield><controlfield tag="002">20161230</controlfield><controlfield tag="005">20161230201026</controlfield><controlfield tag="008">060222s1000------------r-----000-0-eng-d</controlfield><datafield ind1=" " ind2=" " tag="100"><subfield code="a">Codell, Maurice</subfield></datafield><datafield ind1=" " ind2=" " tag="245"><subfield code="a">Analytical chemistry of titanium metas and com pounds</subfield></datafield><datafield ind1=" " ind2=" " tag="260"><subfield code="a">New York, Interscience, 1959</subfield></datafield><datafield ind1=" " ind2=" " tag="490"><subfield code="a">Chemical Analysis</subfield></datafield></record></collection>